@ONLINE{operationpixel,
title = {Opération Pixel : Détection de Points d'intérêts},
url = {http://operationpixel.free.fr/pointinteret_fast.php}
}

@ONLINE{teyssier,
author = {Paul Teyssier},
title = {Projet : Reconstruction panoramique},
url = {http://www.enseignement.polytechnique.fr/profs/informatique/Francois.Sillion/Majeure/Projets/teyssier/projet.html}
}

@ONLINE{ostermiller,
author = {Stephen Ostermiller },
title = {Efficiently Implementing Dilate and Erode Image Functions},
year = {1996},
url = {http://ostermiller.org/dilate_and_erode.html}
}
@ONLINE{wallace,
author = {Evan Wallace},
title = {Automated Panorama Stitching},
url = {http://cs.brown.edu/courses/csci1950-g/results/proj6/edwallac/}
}
@ONLINE{convolution,
title = {Principe de la convolution en traitement d'image},
month = april,
year = {2012},
url = {http://www.mon-club-elec.fr/pmwiki_mon_club_elec/pmwiki.php?n=MAIN.OUTILSProcessingPrincipeConvolution}
}
@ONLINE{susan,
title = {Detecteur de coins par Susan},
url = {http://www.tsi.telecom-paristech.fr/pages/enseignement/ressources/beti/coins/mti3.html}
}
%http://operationpixel.free.fr/pointinteret_fast.php
		    %h
		    %
		    %
		    %
		    %