@ONLINE{operationpixel,
author = {operationpixel@free.fr},
title = {Traitement d'images},
year = {2010},
url = {http://operationpixel.free.fr/pointinteret_fast.php}
}

@ONLINE{cesar,
author = {Cesarsouza},
title = {Harris Corners Detector in C#},
year = {2010},
url = {http://crsouza.blogspot.fr/2010/05/harris-corners-detector-in-c.html}
}

@BOOK
  {livre,
   AUTHOR  = {David Versnon},
   TITLE   = {Machine Vision},
   CHAPTER = {4},
   YEAR = {1991},
   url = {http://homepages.inf.ed.ac.uk/rbf/BOOKS/VERNON/Chap004.pdf}
  }
