@ONLINE{operationpixel,
author = {operationpixel@free.fr},
title = {Traitement d'images},
year = {2010},
url = {http://operationpixel.free.fr/pointinteret_fast.php}
}

@ONLINE{cesar,
author = {Cesarsouza},
title = {Harris Corners Detector in C\#},
year = {2010},
url = {http://crsouza.blogspot.fr/2010/05/harris-corners-detector-in-c.html}
}

@ONLINE{wikiConvo,
author = {Wikipédia},
title = {Kernel (Image processing)},
url = {http://en.wikipedia.org/wiki/Kernel_(image_processing)}
}

@ONLINE{ransacwiki,
author = {Wikipédia},
title = {RANSAC},
url = {http://fr.wikipedia.org/wiki/RANSAC}
}

@ONLINE{developper,
author = {developpez.com},
title = {[image] Détecteur de Ligne (Hough)},
year = {2008},
url = {http://www.developpez.net/forums/d495285/autres-langages/algorithmes/contribuez/image-detecteur-ligne-hough/}
}

@ONLINE{ransacpdf,
author = {Ezio MALIS et Eric MARCHAND},
title = {Méthode robustes d'estimation pour la vision robotique},
year = {2005},
url = {http://www.irisa.fr/lagadic/pdf/2005_jnrr_malis.pdf}
}





@BOOK
  {livre,
   AUTHOR  = {David Versnon},
   TITLE   = {Machine Vision},
   CHAPTER = {4},
   YEAR = {1991},
   url = {http://homepages.inf.ed.ac.uk/rbf/BOOKS/VERNON/Chap004.pdf}
  }
